@inproceedings{Burns2012implementing,
author = {Burns, Ethan Andrew and Hatem, Matthew and Leighton, Michael J and Ruml, Wheeler},
booktitle = {Fifth Annual Symposium on Combinatorial Search},
file = {:home/yuu/Documents/papers/Search/2012\_Implementing\_Fast\_Heuristic\_Search\_Code.pdf:pdf},
title = {{Implementing fast heuristic search code}},
year = {2012}
}
@article{Burns2010,
author = {Burns, Ethan and Lemons, Sofia},
file = {:home/yuu/Documents/papers/Search/2010\_Best-First\_Heuristic\_Search\_for\_Multicore\_Machines.pdf:pdf},
journal = {Journal of Artificial Intelligence Research},
number = {1},
pages = {689--743},
title = {{Best-First Heuristic Search for Multicore Machines}},
volume = {39},
year = {2010}
}
@article{Korf1985depth,
  title={Depth-first iterative-deepening: An optimal admissible tree search},
  author={Korf, Richard E},
  journal={Artificial intelligence},
  volume={27},
  number={1},
  pages={97--109},
  year={1985},
  publisher={Elsevier}
}
@inproceedings{Korf1997finding,
  title={Finding optimal solutions to Rubik's Cube using pattern databases},
  author={Korf, Richard E},
  booktitle={AAAI/IAAI},
  pages={700--705},
  year={1997}
}
@article{Evett1995,
author = {Evett, Matthew},
file = {:home/yuu/Documents/papers/Search/1995\_PRA*.pdf:pdf},
journal = {Journal of Parallel and Distributed Computing},
number = {2},
pages = {133--143},
title = {{PRA*: Massively Parallel Heuristic Search}},
volume = {25},
year = {1995}
}
@article{Hart1968,
author = {Hart, Peter E and Nils, J},
file = {:home/yuu/Documents/papers/Search/1967\_A*\_Hart.pdf:pdf},
journal = {Systems Science and Cybernetics, IEEE Transactions on},
keywords = {hart1968formal},
mendeley-tags = {hart1968formal},
number = {2},
pages = {100--107},
title = {{Formal Basis for the Heuristic Determination}},
volume = {4},
year = {1968}
}
@article{Kishimoto2013,
author = {Kishimoto, Akihiro and Fukunaga, Alex and Botea, Adi},
doi = {10.1016/j.artint.2012.10.007},
file = {:home/yuu/Documents/papers/Search/2013\_Evaluation\_of\_a\_simple\_scalable\_parallel\_best-first\_search\_strategy.pdf:pdf},
issn = {00043702},
journal = {Artificial Intelligence},
month = feb,
pages = {222--248},
publisher = {Elsevier B.V.},
title = {{Evaluation of a simple, scalable, parallel best-first search strategy}},
url = {http://linkinghub.elsevier.com/retrieve/pii/S0004370212001294},
volume = {195},
year = {2013}
}
@inproceedings{Kobayashi2011evaluations,
author = {Kobayashi, Yoshikazu and Kishimoto, Akihiro and Watanabe, Osamu},
booktitle = {IJCAI Proceedings-International Joint Conference on Artificial Intelligence},
file = {:home/yuu/Documents/papers/Search/2011\_HDAstar\_alignment.pdf:pdf},
number = {1},
pages = {584},
title = {{Evaluations of hash distributed A* in optimal sequence alignment}},
volume = {22},
year = {2011}
}
@article{Korf2002,
author = {Korf, Richard E. and Felner, Ariel},
doi = {10.1016/S0004-3702(01)00092-3},
file = {:home/yuu/Documents/papers/Search/2002\_Disjoint\_pattern\_database\_heuristics.pdf:pdf},
issn = {00043702},
journal = {Artificial Intelligence},
keywords = {1,a classic challenge for,databases,fifteen puzzle,heuristic evaluation functions,heuristic search,introduction and overview,pattern,problem solving,rubik,s cube,search algorithms in ai,single-agent search,sliding-tile puzzles,the key to,the sliding-tile puzzles are,twenty-four puzzle},
month = jan,
number = {1-2},
pages = {9--22},
title = {{Disjoint pattern database heuristics}},
url = {http://linkinghub.elsevier.com/retrieve/pii/S0004370201000923},
volume = {134},
year = {2002}
}
@inproceedings{Kumar1988parallel,
author = {Kumar, Vipin and Ramesh, K and Rao, V Nageshwara},
booktitle = {AAAI},
file = {:home/yuu/Documents/papers/Search/1988\_Parallel\_A*.pdf:pdf},
organization = {Citeseer},
pages = {122--127},
title = {{Parallel Best-First Search of State-Space Graphs: A Summary of Results.}},
volume = {88},
year = {1988}
}
@article{Culberson1998pattern,
  title={Pattern databases},
  author={Culberson, Joseph C and Schaeffer, Jonathan},
  journal={Computational Intelligence},
  volume={14},
  number={3},
  pages={318--334},
  year={1998},
  publisher={Wiley Online Library}
}
@article{Ramesh,
author = {Ramesh, K and Rao, V Nageshwara},
file = {:home/yuu/Documents/papers/Search/1988\_Parallel\_A*.pdf:pdf},
journal = {AAAI},
title = {{Parallel Best First Search of State-Space Graphs}},
volume = {88},
year = {1988}
}
@article{Zobrist1970,
author = {Zobrist, A L},
file = {:home/yuu/Documents/papers/Search/1970\_zobrist\_hashing.pdf:pdf},
journal = {ICGA Journal},
number = {2},
pages = {69--73},
title = {{A new hashing method with application for game playing}},
url = {http://scholar.google.com/scholar?hl=en\&btnG=Search\&q=intitle:A+New+Hashing+Method+with+Application+for+Game+Playing\#0},
volume = {13--2},
year = {1970}
}
